% bibliography example 20121009

@BOOK{adami:1998,
 author     = {Adami, Christoph},
 title      = {Introduction to Artificial Life},
 publisher  = {Springer-Verlag},
 address    = {New York},
 year       = {1998}
}

@BOOK{bentley:2002,
 author     = {Bentley, Peter J.},
 title      = {Digital Biology: How Nature is Transforming our Technology and our Lives},
 publisher  = {Simon \& Schuster}, 
 address    = {New York},
 year       = {2002}
}

@INPROCEEDINGS{heppner:1990,
 author     = {Heppner, Frank H. and 
               Grenander, Ulf},
 title      = {A stochastic nonlinear model for coordinated bird flocks},
 pages      = {233--238},
 booktitle  = {The Ubiquity of Chaos}, 
 editor     = {S. Krasner}, 
 publisher  = {AAAS},
 address    = {Washington}, 
 year       = {1990}
}

@ARTICLE{lebar_bajec:2005a,
 author     = {Lebar Bajec, Iztok and
               Zimic, Nikolaj and
               Mraz, Miha}, 
 title      = {Simulating flocks on the wing: the fuzzy approach},
 journal    = {Journal of Theoretical Biology},
 volume     = {233}, 
 number     = {2}, 
 pages      = {199--220}, 
 year       = {2005},
 doi        = {10.1016/j.jtbi.2004.10.003}
}

@PHDTHESIS{lebar_bajec:2005b,
 author     = {Lebar Bajec, Iztok},
 title      = {Fuzzy Model for a Computer Simulation of Bird Flocking},
 school     = {University of Ljubljana, Faculty of Computer and Information Science},
 address    = {Ljubljana, Slovenia},
 year       = {2005}
}

@MASTERSTHESIS{reynolds:1978,
 author     = {Reynolds, Craig W.}, 
 title      = {Computer Animation in the World of Actors and Scripts},
 school     = {Massachusetts Institute of Technology, The Architecture Machine Group}, 
 address    = {Cambridge, MA},
 year       = {1978}
}

@ARTICLE{reynolds:1987,
 author     = {Reynolds, Craig W.}, 
 title      = {Flocks, herds, and schools: a distributed behavioral model},
 journal    = {Computer Graphics}, 
 volume     = {21}, 
 number     = {4}, 
 pages      = {25--34}, 
 year       = {1987},
 doi        = {10.1145/37402.37406}
}


